% -------------------------------------------------------------
% COBEM 2021 - BIBFILE EXAMPLE
% -------------------------------------------------------------
% -------------------------------------------------------------
% ------------------------ ARTICLES ----------------------------
% -------------------------------------------------------------
@ARTICLE{Roe1981,
    AUTHOR = {P Roe},
    TITLE = {Approximate Riemann solvers, parameter vectors, and difference schemes},
    JOURNAL = {Journal of Computational Physics},
    VOLUME = {43},
    NUMBER = {2},
    PAGES = {357–372},
    YEAR = {1981},
}

@ARTICLE{Gottlieb2018strong,
    AUTHOR = {Sigal Gottlieb and Zachary J. Grant and Leah Isherwood},
    TITLE = {Strong Stability Preserving Integrating Factor {R}unge-{K}utta Methods}, 
    JOURNAL = {SIAM Journal on Numerical Analysis},
    VOLUME = {56},
    NUMBER = {6},
    PAGES = {3276–3307},
    YEAR = {2018}
}

@ARTICLE{Bentley1975,
    AUTHOR = {J. L. Bentley},
    TITLE = {Multidimensional binary search trees used for associative searching},
    JOURNAL = {Communications of the ACM},
    VOLUME = {18},
    NUMBER = {69},
    PAGES = {509–517},
    YEAR = {1975}
}


@ARTICLE{WangI:02,
    AUTHOR         = {Z. J. Wang},
    TITLE          = {Spectral (Finite) Volume Method for Conservation Laws on Unstructured Grids: Basic Formulation},
    JOURNAL        = {Journal of Computational Physics},
    MONTH          = {May},
    VOLUME         = {178},
    NUMBER         = {1},
    PAGES          = {210-251},
    YEAR           = {2002}
}

@ARTICLE{WangII:02,
    AUTHOR         = {Z. J. Wang and Y. Liu},
    TITLE          = {Spectral (Finite) Volume Method for Conservation Laws on Unstructured Grids {II}: Extension to Two-Dimensional Scalar Equation},
    JOURNAL        = {Journal of Computational Physics},
    MONTH          = {Jul.},
    VOLUME         = {179},
    NUMBER         = {2},
    PAGES          = {665-698},
    YEAR           = {2002}
}

@ARTICLE{SD_I:06,
    AUTHOR         = {Yen Liu and Marcel Vinokur and Z. J. Wang},
    TITLE          = {Spectral Difference Method for Unstructured Grids {I}: Basic Formulation},
    JOURNAL        = {Journal of Computational Physics},
    VOLUME         = {216},
    PAGES          = {780-801},
    YEAR           = {2006}
}

@ARTICLE{SD_II:07,
    AUTHOR         = {Z. J. Wang and Yen Liu and Georg May and A. Jameson},
    TITLE          = {Spectral Difference Method for Unstructured Grids {II}: Extension to the {E}uler Equations},
    JOURNAL        = {Journal of Scientific Computing},
    VOLUME         = {32},
    NUMBER         = {1},
    MONTH          = {July},
    PAGES          = {3938-3956},
    YEAR           = {2007}
}

@ARTICLE{SD_SV:07,
    AUTHOR         = {Kris {van den Abeele} and Chris Lacor and Z. J. Wang},
    TITLE          = {On the connection between the spectral volume and spectral difference method},
    JOURNAL        = {Journal of Computational Physics},
    VOLUME         = {227},
    PAGES          = {877-885},
    YEAR           = {2007}
}

@ARTICLE{Spiteri2002,
    AUTHOR = {Ruuth, Steven and Spiteri, Raymond and Ruuth, J.},
    TITLE = {A New Class of Optimal High-Order Strong-Stability-Preserving Time Discretization Methods},    
    JOURNAL = {SIAM J. Numer. Anal.},
    MONTH = {02},
    PAGES = {},
	VOLUME = {40},
	DOI = {10.1137/S0036142901389025},
    YEAR = {2002}
}

@ARTICLE{Duan2020,
	AUTHOR = {Duan, Zhaowen and Wang, Z. J.},
	TITLE = {High-Order Overset Flux Reconstruction Method for Dynamic Moving Grids},
	JOURNAL = {AIAA Journal},
	VOLUME = {58},
	NUMBER = {10},
	PAGES = {4534-4547},
	DOI = {10.2514/1.J059185},
	URL = {https://doi.org/10.2514/1.J059185},
	EPRINT = {https://doi.org/10.2514/1.J059185},
	YEAR = {2020}
}

% -------------------------------------------------------------
% ---------------------- THESIS -------------------------------
% -------------------------------------------------------------
@MASTERSTHESIS{Andre2018,
	AUTHOR = {A. R. B. Aguiar},
	TITLE = {Study of Viscous Flows Using High-Order Methods and Curved Boundary Treatment},
	SCHOOL = {Graduate Program in Space Science and Technology, Instituto Tecnol\'ogico de Aeron\'autica},
	ADDRESS = {S\~ao Jos\'e dos Campos, Brasil},
	YEAR = {2018},
}

@MASTERSTHESIS{Moreira2016,
	AUTHOR = {F. M. Moreira},
	TITLE = {A Study of High-Order Unstructured Spectral Difference Schemes for Compressible Flows},
	SCHOOL = {Graduate Program in Space Science and Technology, Instituto Tecnol\'ogico de Aeron\'autica},
	ADDRESS = {S\~ao Jos\'e dos Campos, Brasil},
	YEAR = {2016},
}

@PHDTHESIS{KrisVanDenAbeele2009,
	AUTHOR = {Kris {van den Abeele}},
	TITLE = {Development of High-Order Accurate Schemes for Unstructured Grids},
	SCHOOL = {Doctor Program in Mechanical Engineering, Vrije Universiteit Brussel},
	ADDRESS = {Brussels, Belgium},
	YEAR = {2009}
}

@PHDTHESIS{Galbraith2013,
	AUTHOR = {Galbraith, Marshall C. },
	TITLE = {A Discontinuous Galerkin Chimera Overset Solver},
	SCHOOL = {Doctor Program in Aerospace Engineering, University of Cincinnati},
	ADDRESS = {Cincinnati, OH},
	YEAR = {2013}
}

% -------------------------------------------------------------
% ---------------------- BOOKS --------------------------------
% -------------------------------------------------------------
@BOOK{Shapiro1953,
	AUTHOR = {Shapiro, Ascher H},
	TITLE = {The Dynamics and Thermodynamics of Compressible Fluid Flow},
	PUBLISHER = {Wiley},
 	ADDRESS = {New York},
 	YEAR = {1953}
}

@BOOK{CormenBook2009,
	AUTHOR = {Cormen, Thomas H. and Leiserson, Charles E. and Rivest, Ronald L. and Stein, Clifford},
	TITLE = {Introduction to Algorithms, Third Edition},
	PUBLISHER = {The MIT Press},
	YEAR = {2009},
	ISBN = {0262033844},	
	EDITION = {3rd}
}


% -------------------------------------------------------------
% -------------------- INPROCEEDINGS --------------------------
% -------------------------------------------------------------
@INPROCEEDINGS{Duan2017,
	AUTHOR = {Zhaowen Duan and Zhi J. Wang},
	TITLE = {High Order {FR}/{CPR} Method for Overset Meshes},
	BOOKTITLE = {23rd AIAA Computational Fluid Dynamics Conference -- AIAA Aviation Forum, {\em AIAA Paper No.\ 2017-3094}},
	ADDRESS = {Denver, CO},
	DOI = {10.2514/6.2017-3094},
	URL = {https://arc.aiaa.org/doi/abs/10.2514/6.2017-3094},
	EPRINT = {https://arc.aiaa.org/doi/pdf/10.2514/6.2017-3094},
	YEAR = {2017}
}

@INPROCEEDINGS{SD_May:06,
    AUTHOR = {Georg May and Antony Jameson},
    TITLE = {A Spectral Difference Method for the {E}uler and {N}avier-{S}tokes Equations on Unstructured Meshes},
    BOOKTITLE = {{\em AIAA Paper No.\ 2006-0304,} Proceedings of the 44th AIAA Aerospace Sciences Meeting},
    MONTH = {Jan.},
    ADDRESS = {Reno, NV},
    YEAR = {2006}
}

@INPROCEEDINGS{Crabill2016,
	AUTHOR = {Jacob A. Crabill and Jayanarayanan Sitaraman and Antony Jameson},
	TITLE = {A High-Order Overset Method on Moving and Deforming Grids},
	BOOKTITLE = {AIAA Modeling and Simulation Technologies Conference},
	CHAPTER = {},
	PAGES = {},
	DOI = {10.2514/6.2016-3225},
	URL = {https://arc.aiaa.org/doi/abs/10.2514/6.2016-3225},
	EPRINT = {https://arc.aiaa.org/doi/pdf/10.2514/6.2016-3225},
	YEAR = {2016},
}

@INPROCEEDINGS{Benek1986ChimeraAG,
	AUTHOR = {J. Benek and J. Steger and F. Dougherty and P. Buning},
	TITLE ={Chimera. A Grid-Embedding Technique},
	YEAR = {1986}
}

% -------------------------------------------------------------
% ---------------------- MISC ---------------------------------
% -------------------------------------------------------------

@MISC{Skrodzki2019,
    AUTHOR = {Martin Skrodzki},
    TITLE = {The k-d tree data structure and a proof for neighborhood computation in expected logarithmic time},
    YEAR = {2019},
    EPRINT = {arXiv:1903.04936}
}


@MISC{4thHOW,
	AUTHOR = {Z. J. Wang and J. S. Cagnone and D. Careni and C. C. de Wiart and V. Couaillier and C. Fidkowski and M. Galbraith 
	       and R. Hartman and C. O. Gooch and P-O. Persson and K. Hillewaert and J. Ekaterinaris and H. T. Huynh and N. Kroll and P. Vincent},
	TITLE =  {{HiOCFD4} 4th {I}nternational {W}orkshop on {H}igh-{O}rder {CFD} {M}ethods},
	URL =    {},
	HOWPUBLISHED = {\url{https://how4.cenaero.be}},
	YEAR = {2015}
}

@MISC{Duan2019,
	AUTHOR = {Zhaowen Duan and Zhi J. Wang},
	TITLE = {A High Order Overset {FR}/{CPR} Method for Dynamic Moving Grids},
	BOOKTITLE = {AIAA Scitech 2019 Forum},
	CHAPTER = {},
	PAGES = {},
	DOI = {10.2514/6.2019-1399},
	URL = {https://arc.aiaa.org/doi/abs/10.2514/6.2019-1399},
	EPRINT = {https://arc.aiaa.org/doi/pdf/10.2514/6.2019-1399},
	YEAR = {2019},
}