@INPROCEEDINGS{Arystides1994,
  author = {Brayner Arystides and Carlos Santos de Medeiros},
  title = {Incorporação de tempo em {SGBD} orientado a objeto},
  booktitle = {Anais...},
  year = {1995},
  pages = {90--98},
  address = {Petrolina},
  organization = {Simpósio Brasileiro de Banco de Dados},
  publisher = {EMBRAPA},
  conference-number = {13},
  conference-year = {1996},
  conference-location = {Petrolina},
  owner = {ffs}
}


@INPROCEEDINGS{Assenmacher1993,
  author = {Hans Assenmacher and Tedy Breitbach and Paul Buhler and Visk H{\"u}bsch and Robert Schwarz},
  title = {{P}anda},
  booktitle = {Proceedings...},
  year = {1993},
  pages = {361-383},
  address = {Berlin},
  organization = {European Conference on Object-Oriented Programming},
  publisher = {Springer},
  note = {(Lecture Notes in Computer Science, v. 707)},
  conference-number = {7},
  conference-year = {1993},
  conference-location = {Kaiserslautern},
  subtitle = {supporting Distributed Programming in {L}++}
}

@MANUAL{Callaghan1995,
  title = {{NFS} version 3 protocol specification},
  author = {B. Callaghan and B. Pawlowski and P. Staubach},
  organization = {Internet Engineering Task Force, Network Working Group},
  address = {London},
  year = {1995},
  pages = {68},
  pagename = {p.},
  subtitle = {{RFC} 1831}
}

@ARTICLE{Caromel1998,
  author = {D. Caromel and W. Klauser and J. Vayssiere},
  title = {Towards Seamless Computing and Metacomputing in {J}ava},
  journal = {Concurrency in Practice and Experience},
  year = {1998},
  volume = {10},
  number = {11--13},
  pages = {1043--1061},
  month = sep # {/} # nov,
  xpublisher = {Wiley \& Sons},
  xaddress = {West Sussex},
  editor = {Geoffrey C. Fox},
  url = {http://www-sop.inria.fr/\~{}sloop/javall/index.html},
  urlaccessdate = {20 fev. 2000}
}

@INPROCEEDINGS{Joea2003,
  author = {John Gi Joea and Joe Gi John},
  title = {Importance of Coffee in Computer Sciences},
  year = {2003},
  pages = {99--100},
  crossref = {COFFEE2000}
}

@PROCEEDINGS{COFFEE2000,
  title = {Proceedings...},
  year = {2000},
  address = {Java Island},
  publisher = {Java Island Press},
  month = jan,
  organization = {Conference on Coffee Importance},
  conference-number = {1},
  conference-year = {2000},
  conference-location = {Java Island},
  key = {COFFEE},
  booktitle = {Proceedings...}
}

@TECHREPORT{Furmento1995,
  author = {Nathalie Furmento and Yves Roudier and G{\"u}nther Siegel},
  title = {Parall{\'e}lisme et distribution en {C}++},
  year = {1995},
  subtitle = {une Revue des Langages Existants},
  number = {RR~95-02},
  address = {Valbonne},
  note = {(RR~95-02)},
  institution = {I3S, Universit\'{e} de Nice Sophia-Antipolis},
  url = {http://www-sop.inria.br/science/skd.gz},
  urlaccessdate = {29 fev. 2003}
}

@MISC{ITALUS2004,
  title = {ITALUS},
  year = {2004},
  url = {http://www.comp.ita.br/italus/},
  urlaccessdate = {22 jul. 2004},
  subtitle = {grupo de usu{\'a}rios {\LaTeX} do {ITA}}
}

@THESIS{Morgado2003,
  author = {Morgado, M. L. C.},
  title = {Reimplante dentário},
  school = {Faculdade de Odontologia, Universidade Federal do Nananana},
  year = {2003},
  type = {Trabalho de Conclusão de Curso (Especialização do curso)},
  address = {São Paulo},
  owner = {ffs}
}

@THESIS{Patagonios2001,
  author = {Jackson Patagonios},
  title = {Um exemplo de TG},
  school = {Instituto Te{\'o}rico Aeroglifo},
	pages = {98},  
  type = {Trabalho de Conclus{\~a}o de Curso (Gradua{\c{c}}{\~a}o em Engenharia de Computa{\c{c}}{\~a}o)},
	address = {Santa Pindamonhangaba},
	year = {2001}
}

@MASTERSTHESIS{Nascimento1970,
  author = {Edson Arantes do Nascimento},
  title = {An{\'a}lise de curvas curvil{\'\i}neas da trajet{\'o}ria da bola},
  school = {Cosmos University},
  type = {Mestrado em Ci{\^e}ncia do Futebol},
  address = {Cidade do Cabo},
  pages = {36},
  pagename = {f.},
  year = {1971},
  year-presented = {1970}
}

@MASTERSTHESIS{Sbornian2002,
  author = {Wilson Sbornian},
  title = {Um exemplo de disserta{\c{c}}{\~a}o de mestrado},
  school = {Instituto de Alguma Coisa, Universidade Sei L{\'a} de Onde},
  type = {Mestrado em Ci{\^e}ncia da Computa{\c{c}}{\~a}o},
  address = {Santa Pindamonhangaba},
  pages = {98},
  url = {http://www.santapinda.edu/\~{}sbor/dissert.pdf},
  pagename = {f.},
  urlaccessdate = {25 fev. 2002},
  year = {2002},
  year-presented = {2002}
}

@PHDTHESIS{Sbornian2004,
  author = {Sbornian, Wilson},
  title = {Um exemplo de tese de doutorado},
  school = {Instituto de Alguma Coisa, Universidade Sei L{\'a} de Onde},
  year = {2004},
  type = {Doutorado em Aeron{\'a}utica},
  address = {Santo Ant{\^o}nio da Patrulha},
  note = {1 CD--ROM},
  pages = {169},
  pagename = {f.},
  year-presented = {2004}
}

@BOOK{Silberschatz1991,
  title = {Operating system concepts},
  publisher = {Springer},
  year = {1991},
  author = {Abraham Silberschatz and James Lyle Peterson and Peter B. Galvin},
  address = {New York},
  edition = {3rd},
  xisbn = {2049-67-555}
}




% -------------------------------------------------------------
% COBEM 2021 - BIBFILE EXAMPLE
% -------------------------------------------------------------
% -------------------------------------------------------------
% ------------------------ ARTICLES ----------------------------
% -------------------------------------------------------------
@ARTICLE{Roe1981,
    AUTHOR = {P Roe},
    TITLE = {Approximate Riemann Solvers, Parameter Vectors, and Difference Schemes},
    JOURNAL = {Journal of Computational Physics},
    VOLUME = {43},
    NUMBER = {2},
    PAGES = {357?372},
    YEAR = {1981}
}

@ARTICLE{Gottlieb2018strong,
    AUTHOR = {Sigal Gottlieb and Zachary J. Grant and Leah Isherwood},
    TITLE = {Strong Stability Preserving Integrating Factor {R}unge-{K}utta Methods}, 
    JOURNAL = {SIAM Journal on Numerical Analysis},
    VOLUME = {56},
    NUMBER = {6},
    PAGES = {3276?3307},
    YEAR = {2018}
}

@ARTICLE{Bentley1975,
    AUTHOR = {J. L. Bentley},
    TITLE = {Multidimensional Binary Search Trees Used for Associative Searching},
    JOURNAL = {Communications of the ACM},
    VOLUME = {18},
    NUMBER = {69},
    PAGES = {509?517},
    YEAR = {1975}
}


@ARTICLE{WangI:02,
    AUTHOR         = {Z. J. Wang},
    TITLE          = {Spectral (Finite) Volume Method for Conservation Laws on Unstructured Grids: Basic Formulation},
    JOURNAL        = {Journal of Computational Physics},
    MONTH          = {May},
    VOLUME         = {178},
    NUMBER         = {1},
    PAGES          = {210-251},
    YEAR           = {2002}
}

@ARTICLE{WangII:02,
    AUTHOR         = {Z. J. Wang and Y. Liu},
    TITLE          = {Spectral (Finite) Volume Method for Conservation Laws on Unstructured Grids {II}: Extension to Two-Dimensional Scalar Equation},
    JOURNAL        = {Journal of Computational Physics},
    MONTH          = {Jul.},
    VOLUME         = {179},
    NUMBER         = {2},
    PAGES          = {665-698},
    YEAR           = {2002}
}

@ARTICLE{SD_I:06,
    AUTHOR         = {Yen Liu and Marcel Vinokur and Z. J. Wang},
    TITLE          = {Spectral Difference Method for Unstructured Grids {I}: Basic Formulation},
    JOURNAL        = {Journal of Computational Physics},
    VOLUME         = {216},
    PAGES          = {780-801},
    YEAR           = {2006}
}

@ARTICLE{SD_II:07,
    AUTHOR         = {Z. J. Wang and Yen Liu and Georg May and A. Jameson},
    TITLE          = {Spectral Difference Method for Unstructured Grids {II}: Extension to the {E}uler Equations},
    JOURNAL        = {Journal of Scientific Computing},
    VOLUME         = {32},
    NUMBER         = {1},
    MONTH          = {July},
    PAGES          = {3938-3956},
    YEAR           = {2007}
}

@ARTICLE{SD_SV:07,
    AUTHOR         = {Kris {van den Abeele} and Chris Lacor and Z. J. Wang},
    TITLE          = {On the connection between the spectral volume and spectral difference method},
    JOURNAL        = {Journal of Computational Physics},
    VOLUME         = {227},
    PAGES          = {877-885},
    YEAR           = {2007}
}

@ARTICLE{Sun2007,
	AUTHOR = {Sun, Yuzhi and Wang, Z. and Liu, Yen},
	YEAR = {2007},
	MONTH = {05},
	PAGES = {310-333},
	TITLE = {High-Order Multidomain Spectral Difference Method for the Navier-Stokes Equations on Unstructured Hexahedral Grids},
	VOLUME = {2},
	JOURNAL = {Communications in Computational Physics Commun. Comput. Phys}
}

@ARTICLE{Spiteri2002,
    AUTHOR = {Ruuth, Steven and Spiteri, Raymond and Ruuth, J.},
    TITLE = {A New Class of Optimal High-Order Strong-Stability-Preserving Time Discretization Methods},    
    JOURNAL = {SIAM J. Numer. Anal.},
    MONTH = {02},
    PAGES = {},
	VOLUME = {40},
	DOI = {10.1137/S0036142901389025},
    YEAR = {2002}
}

@ARTICLE{Duan2020,
	AUTHOR = {Duan, Zhaowen and Wang, Z. J.},
	TITLE = {High-Order Overset Flux Reconstruction Method for Dynamic Moving Grids},
	JOURNAL = {AIAA Journal},
	VOLUME = {58},
	NUMBER = {10},
	PAGES = {4534-4547},
	DOI = {10.2514/1.J059185},
	URL = {https://doi.org/10.2514/1.J059185},
	EPRINT = {https://doi.org/10.2514/1.J059185},
	YEAR = {2020}
}

@ARTICLE{Brazell2016,
	AUTHOR = {Michael J. Brazell and Jayanarayanan Sitaraman and Dimitri J. Mavriplis},
	TITLE = {An Overset Mesh Approach for 3D Mixed Element High Order Discretizations},
	JOURNAL = {Journal of Computational Physics},
	VOLUME = {322},
	NUMBER = {10},
	PAGES = {33-51},
	DOI = {https://doi.org/10.1016/j.jcp.2016.06.031},
	URL = {https://www.sciencedirect.com/science/article/pii/S002199911630256X},
	EPRINT = {https://doi.org/10.2514/1.J059185},
	YEAR = {2016}
}

@ARTICLE{Yee1999,
	AUTHOR = {H.C Yee and N.D Sandham and M.J Djomehri},	
	Title = {Low-Dissipative High-Order Shock-Capturing Methods Using Characteristic-Based Filters},
	JOURNAL = {Journal of Computational Physics},
	VOLUME = {150},
	NUMBER = {1},
	PAGES = {199-238},
	ISSN = {0021-9991},
	DOI = {https://doi.org/10.1006/jcph.1998.6177},
	URL = {https://www.sciencedirect.com/science/article/pii/S0021999198961770},
	YEAR = {1999}
}

@article{Huynh2014,
title = {High-Order Methods for Computational Fluid Dynamics: A Brief Review of Compact Differential Formulations on Unstructured Grids},
journal = {Computers \& Fluids},
volume = {98},
pages = {209-220},
year = {2014},
note = {12th USNCCM Mini-Symposium of High-Order Methods for Computational Fluid Dynamics - A Special Issue Dedicated to the 80th Birthday of Professor Antony Jameson},
issn = {0045-7930},
doi = {https://doi.org/10.1016/j.compfluid.2013.12.007},
url = {https://www.sciencedirect.com/science/article/pii/S0045793013004829},
author = {H.T. Huynh and Z.J. Wang and P.E. Vincent}
}

@article{Crabill2018,
	AUTHOR = {J. Crabill and F.D. Witherden and A. Jameson},
	TITLE = {A Parallel Direct Cut Algorithm for High-Order Overset Methods with Application to a Spinning Golf Ball},
	JOURNAL = {Journal of Computational Physics},
	VOLUME = {374},
	PAGES = {692-723},
	YEAR = {2018},
	ISSN = {0021-9991},
	DOI = {https://doi.org/10.1016/j.jcp.2018.05.036},
	URL = {https://www.sciencedirect.com/science/article/pii/S0021999118303450}
}

@article{Chen2000,
author = {Chen, R. and Wang, Z.},
year = {2000},
month = {12},
pages = {2238-2245},
title = {Fast, Block Lower-Upper Symmetric Gauss-Seidel Scheme for Arbitrary Grids},
volume = {38},
journal = {Aiaa Journal - AIAA J},
doi = {10.2514/2.914}
}

@article{Suhs2003,
	author = {Rogers, Stuart E. and Suhs, Norman E. and Dietz, William E.},
	title = {PEGASUS 5: An Automated Preprocessor for Overset-Grid Computational Fluid Dynamics},
	journal = {AIAA Journal},
	volume = {41},
	number = {6},
	pages = {1037-1045},
	year = {2003},
	doi = {10.2514/2.2070},

	URL = { 
        https://doi.org/10.2514/2.2070
	},
	eprint = { 
        https://doi.org/10.2514/2.2070  
	}
}


@article{Costes2012,
	author = { M.   Costes  and  T.   Renaud  and  B.   Rodriguez },
	title = {Rotorcraft Simulations: A Challenge for CFD},
	journal = {International Journal of Computational Fluid Dynamics},
	volume = {26},
	number = {6-8},
	pages = {383-405},
	year  = {2012},
	publisher = {Taylor \& Francis},
	doi = {10.1080/10618562.2012.726710},

	URL = { 
        https://doi.org/10.1080/10618562.2012.726710
	},
	eprint = { 
        https://doi.org/10.1080/10618562.2012.726710
	}
}

@article{Abras2007,
	author = {Abras, Jennifer and Lynch, C and Smith, Marilyn},
	year = {2007},
	month = {01},
	pages = {},
	title = {Advances in Rotorcraft Simulations with Unstructured CFD},
	volume = {3},
	journal = {Annual Forum Proceedings - AHS International}
}

@article{Rockwell1998,
author = {Rockwell, Donald},
title = {Vortex-Body Interactions},
journal = {Annual Review of Fluid Mechanics},
volume = {30},
number = {1},
pages = {199-229},
year = {1998},
doi = {10.1146/annurev.fluid.30.1.199},

URL = { 
        https://doi.org/10.1146/annurev.fluid.30.1.199
    
},
eprint = { 
        https://doi.org/10.1146/annurev.fluid.30.1.199
    
}
}

@article{Sankaran2011,
author = {Sankaran, Venkateswaran and Wissink, Andrew and Datta, Anubhav and Sitaraman, Jay and Jayaraman, Buvana and Potsdam, Mark and Katz, Aaron and Kamkar, Sean and Roget, Beatrice and Mavriplis, Dimitri and Saberi, Hossein and Chen, Wei-Bin and Johnson, Wayne and Strawn, Roger},
year = {2011},
month = {01},
pages = {},
title = {Overview of the Helios Version 2.0 Computational Platform for Rotorcraft Simulations},
journal = {AIAA Journal},
doi = {10.2514/6.2011-1105}
}

@article{Gao2013,
author = {Gao, Haiyang and Wang, Z.},
year = {2013},
month = {01},
pages = {7?13},
title = {A Conservative Correction Procedure via Reconstruction Formulation with the Chain-Rule Divergence Evaluation},
volume = {232},
journal = {Journal of Computational Physics},
doi = {10.1016/j.jcp.2012.08.030}
}

@article{Harten1983,
title = {Self Adjusting Grid Methods for One-Dimensional Hyperbolic Conservation Laws},
journal = {Journal of Computational Physics},
volume = {50},
number = {2},
pages = {235-269},
year = {1983},
issn = {0021-9991},
doi = {https://doi.org/10.1016/0021-9991(83)90066-9},
url = {https://www.sciencedirect.com/science/article/pii/0021999183900669},
author = {Ami Harten and James M Hyman}
}

@ARTICLE{Geuzaine2009Gmsh,
  author = {Geuzaine, Christophe and Remacle, Jean-Fran\c{c}ois},
  doi = {10.1002/nme.2579},
  issn = {00295981},
  journal = {International Journal for Numerical Methods in Engineering},
  number = 11,
  pages = {1309--1331},
  title = {Gmsh: A 3-{D} Finite Element Mesh Generator with built-in Pre- and Post-Processing Facilities},
  url = {http://dx.doi.org/10.1002/nme.2579},
  volume = 79,
  year = 2009
}


% -------------------------------------------------------------
% ---------------------- THESIS -------------------------------
% -------------------------------------------------------------
@MASTERSTHESIS{Andre2018,
	AUTHOR = {A. R. B. Aguiar},
	TITLE = {Study of Viscous Flows Using High-Order Methods and Curved Boundary Treatment},
	SCHOOL = {Graduate Program in Space Science and Technology, Instituto Tecnol\'ogico de Aeron\'autica},
	ADDRESS = {S\~ao Jos\'e dos Campos, Brasil},
	YEAR = {2018}
}

@MASTERSTHESIS{Moreira2016,
	AUTHOR = {F. M. Moreira},
	TITLE = {A Study of High-Order Unstructured Spectral Difference Schemes for Compressible Flows},
	SCHOOL = {Graduate Program in Space Science and Technology, Instituto Tecnol\'ogico de Aeron\'autica},
	ADDRESS = {S\~ao Jos\'e dos Campos, Brasil},
	YEAR = {2016}
}

@PHDTHESIS{KrisVanDenAbeele2009,
	AUTHOR = {Kris {van den Abeele}},
	TITLE = {Development of High-Order Accurate Schemes for Unstructured Grids},
	SCHOOL = {Doctor Program in Mechanical Engineering, Vrije Universiteit Brussel},
	ADDRESS = {Brussels, Belgium},
	YEAR = {2009}
}

@PHDTHESIS{Galbraith2013,
	AUTHOR = {Galbraith, Marshall C. },
	TITLE = {A Discontinuous Galerkin Chimera Overset Solver},
	SCHOOL = {Doctor Program in Aerospace Engineering, University of Cincinnati},
	ADDRESS = {Cincinnati, OH},
	YEAR = {2013}
}

@PHDTHESIS{DuanThesis2019,
	AUTHOR = {Duan, Zhaowen},
	TITLE = {A High-Order Flux Reconstruction Method for Dynamic Moving Grids},
	SCHOOL = {Doctor Program in Aerospace Engineering, University of Kansas},
	ADDRESS = {Lawrence, KS},
	YEAR = {2019}
}

% -------------------------------------------------------------
% ---------------------- BOOKS --------------------------------
% -------------------------------------------------------------
@BOOK{Shapiro1953,
	AUTHOR = {Shapiro, Ascher H},
	TITLE = {The Dynamics and Thermodynamics of Compressible Fluid Flow},
	PUBLISHER = {Wiley},
 	ADDRESS = {New York},
 	YEAR = {1953}
}

@BOOK{Hirsch1991,
	AUTHOR = {Hirsch, Charles},
	TITLE = {Numerical Computation of Internal and External Flows, Volume 2: Computational Methods for Inviscid and Viscous Flows},
	PUBLISHER = {Wiley},
 	ADDRESS = {New York},
 	YEAR = {1991}
}

@BOOK{Blazek2001,
	AUTHOR = {Blazek, Jiri},
	TITLE = {Computational Fluid Dynamics: Principles and Applications},
	PUBLISHER = {Elsevier},
 	ADDRESS = {Oxford, UK},
 	YEAR = {2001}
}

@BOOK{CormenBook2009,
	AUTHOR = {Cormen, Thomas H. and Leiserson, Charles E. and Rivest, Ronald L. and Stein, Clifford},
	TITLE = {Introduction to Algorithms, Third Edition},
	PUBLISHER = {The MIT Press},
	YEAR = {2009},
	ISBN = {0262033844},	
	EDITION = {3rd}
}



% -------------------------------------------------------------
% -------------------- INPROCEEDINGS --------------------------
% -------------------------------------------------------------
@INPROCEEDINGS{Powell1993,
    author={Powell, Kenneth G. and Roe, Philip L. and Quirk, James},
    editor={Hussaini, M. Y. and Kumar, A. and Salas, M. D.},
    title={Adaptive-Mesh Algorithms for Computational Fluid Dynamics},
    booktitle={Algorithmic Trends in Computational Fluid Dynamics},
    year={1993},
    publisher={Springer New York},
    address={New York, NY},
    pages={303--337},
    isbn={978-1-4612-2708-3}
}

@INPROCEEDINGS{Persson2005,
  title={Mesh Generation for Implicit Geometries},
  author={{Per-Olof} Persson and Alan Edelman and Gilbert Strang},
  year={2005}
}

@INPROCEEDINGS{Duan2017,
	AUTHOR = {Zhaowen Duan and Zhi J. Wang},
	TITLE = {High Order {FR}/{CPR} Method for Overset Meshes},
	BOOKTITLE = {23rd AIAA Computational Fluid Dynamics Conference -- AIAA Aviation Forum, {\em AIAA Paper No.\ 2017-3094}},
	ADDRESS = {Denver, CO},
	DOI = {10.2514/6.2017-3094},
	URL = {https://arc.aiaa.org/doi/abs/10.2514/6.2017-3094},
	EPRINT = {https://arc.aiaa.org/doi/pdf/10.2514/6.2017-3094},
	YEAR = {2017}
}

@INPROCEEDINGS{SD_May:06,
    AUTHOR = {Georg May and Antony Jameson},
    TITLE = {A Spectral Difference Method for the {E}uler and {N}avier-{S}tokes Equations on Unstructured Meshes},
    BOOKTITLE = {{\em AIAA Paper No.\ 2006-0304,} Proceedings of the 44th AIAA Aerospace Sciences Meeting},
    MONTH = {Jan.},
    ADDRESS = {Reno, NV},
    YEAR = {2006}
}

@INPROCEEDINGS{Crabill2016,
	AUTHOR = {Jacob A. Crabill and Jayanarayanan Sitaraman and Antony Jameson},
	TITLE = {A High-Order Overset Method on Moving and Deforming Grids},
	BOOKTITLE = {AIAA Modeling and Simulation Technologies Conference},
	CHAPTER = {},
	PAGES = {},
	DOI = {10.2514/6.2016-3225},
	URL = {https://arc.aiaa.org/doi/abs/10.2514/6.2016-3225},
	EPRINT = {https://arc.aiaa.org/doi/pdf/10.2514/6.2016-3225},
	YEAR = {2016}
}

@INPROCEEDINGS{Benek1986ChimeraAG,
	AUTHOR = {J. Benek and J. Steger and F. Dougherty and P. Buning},
	TITLE ={Chimera. A Grid-Embedding Technique},
	YEAR = {1986}
}

@INPROCEEDINGS{Nastase2016,
	AUTHOR = {Cristian Nastase and Dimitri Mavriplis and Jay Sitaraman},
	TITLE = {An Overset Unstructured Mesh Discontinuous Galerkin Approach for Aerodynamic Problems},
	YEAR = {2016},
	BOOKTITLE = {49th AIAA Aerospace Sciences Meeting including the New Horizons Forum and Aerospace Exposition},
	CHAPTER = {},
	PAGES = {},
	DOI = {10.2514/6.2011-195},
	URL = {https://arc.aiaa.org/doi/abs/10.2514/6.2011-195},
	EPRINT = {https://arc.aiaa.org/doi/pdf/10.2514/6.2011-195}
}
% -------------------------------------------------------------
% ---------------------- MISC ---------------------------------
% -------------------------------------------------------------

@MISC{Skrodzki2019,
    AUTHOR = {Martin Skrodzki},
    TITLE = {The k-D Tree Data Structure and a Proof for Neighborhood Computation in Expected Logarithmic Time},
    YEAR = {2019},
    EPRINT = {arXiv:1903.04936}
}


@MISC{4thHOW,
	AUTHOR = {Z. J. Wang and J. S. Cagnone and D. Careni and C. C. de Wiart and V. Couaillier and C. Fidkowski and M. Galbraith 
	       and R. Hartman and C. O. Gooch and P-O. Persson and K. Hillewaert and J. Ekaterinaris and H. T. Huynh and N. Kroll and P. Vincent},
	TITLE =  {{HiOCFD4} 4th {I}nternational {W}orkshop on {H}igh-{O}rder {CFD} {M}ethods},
	URL =    {},
	HOWPUBLISHED = {\url{https://how4.cenaero.be}},
	YEAR = {2015}
}

@MISC{Duan2019,
	AUTHOR = {Zhaowen Duan and Zhi J. Wang},
	TITLE = {A High Order Overset {FR}/{CPR} Method for Dynamic Moving Grids},
	BOOKTITLE = {AIAA Scitech 2019 Forum},
	CHAPTER = {},
	PAGES = {},
	DOI = {10.2514/6.2019-1399},
	URL = {https://arc.aiaa.org/doi/abs/10.2514/6.2019-1399},
	EPRINT = {https://arc.aiaa.org/doi/pdf/10.2514/6.2019-1399},
	YEAR = {2019}
}